@book{departmentstores,
  title={The Bon March{\'e}: bourgeois culture and the department store, 1869-1920},
  author={Miller, Michael Barry},
  year={1981},
  publisher={Princeton University Press}
}

@book{cache,
  author = {Patterson, David A. and Hennessy, John L.},
  title = {Computer Organization and Design, Fifth Edition: The Hardware/Software Interface},
  year = {2013},
  isbn = {0124077269, 9780124077263},
  edition = {5th},
  publisher = {Morgan Kaufmann Publishers Inc.},
  address = {San Francisco, CA, USA}
} 

@techreport{itanium,
  author = {Hewlett Packard},
  title={Intel\textsuperscript{\textregistered} 
    Itanium\textsuperscript{\textregistered} 2 Processor:
    an Itanium Processor Family member for balanced performance
    over a wide range of applications},
  year = {2002}
}

